@article{einstein,
    author =       "Albert Einstein",
    title =        "{Zur Elektrodynamik bewegter K{\"o}rper}. ({German})
    [{On} the electrodynamics of moving bodies]",
    journal =      "Annalen der Physik",
    volume =       "322",
    number =       "10",
    pages =        "891--921",
    year =         "1905",
    DOI =          "http://dx.doi.org/10.1002/andp.19053221004",
    keywords =     "physics"
}

@inproceedings{ceccato,
	author =		{M.Ceccato and Y.Driouich and R.Lanotte and M.Lucchese and M.Merro},
	title =			{Towards Reverse Engineering of Industrial Physical Processes},
	eventtitle =	{CPS4CIP@ESORICSAt 2022},
	venue =			{Copenhagen, Denmark},
	eventdate =		{2022-09-30}
	year =			{2022},
	keywords = 		"reverse engineering ics physical processes black box"
}

